@BOOK{book:pdg,
  author    = {M. Tanabashi and others}, 
  title     = {Physical Review D},
  publisher = {American Physical Society},
  year      = 2018,
  volume    = 98,
  series    = 3,
  edition   = 3,
  month     = 08,
  issn	    = {1550-7998} 
}

@MISC{WEBSITE:1,
	HOWPUBLISHED = "\url{https://en.wikipedia.org/wiki/ALICE_experiment}",
	AUTHOR = "Wikipedia",
	TITLE = "ALICE experiment",
	MONTH = 12,
	YEAR = "2018",
	NOTE = "Letzter Zugriff am 02.01.2019"
}

@techreport{techreport:1,
  author       = {U. Abeysekara and others}, 
  title        = {ALICE EMCal Physics Performance Report},
  institution  = {U.S. Department of Energy},
  year         = 2009,
  month        = 11,
  note         = "Letzter Zugriff am 05.01.2019"
}

@article{article:1,
  author  = {Harald Fritzsch}, 
  title   = {The history of QCD},
  journal = {CERN COURIER},
  year    = 2012,
  month   = 09,
}

@MISC{webpage:pdg,
	HOWPUBLISHED = "\url{http://pdg.lbl.gov/2018/tables/contents_tables_mesons.html}",
	AUTHOR = "Tanabashi, M. and others",
	TITLE = "Mesons Summary Tables",
	MONTH = 01,
	YEAR = "2018",
	NOTE = "Letzter Zugriff am 06.01.2019"
}

@misc{script:kt1,
  author       = {Henner B{\"u}sching}, 
  title        = {Kerne und Teilchen 1 Die Quarkstruktur der Materie},
  howpublished = {\url{https://elearning.physik.uni-frankfurt.de/goto_FB13-PhysikOnline_file_16390_download.html}},
  year         = 2018,
  note         = {Letzer Zugriff am 14.01.2019}
}

@thesis{thesis:Krissy,
  author       = {Kristina Schmitt}, 
  title        = {Multiplizit{\"a}tzabh{\"a}ngigkeit der Produktion geladener Teilchen in Proton-Proton-Kollision bei ALICE},
  school       = {Goethe-Universit{\"a}t Frankfurt},
  year         = 2019,
  month        = 01,
  note         = {}
}

@thesis{thesis:Tim,
  author       = {Tim Rogoschinski},
  title        = {Signalextraktion neutraler Pionen in p-Pb-Kollisionen bei $\sqrt{s_\text{NN}} = 5,02$ TeV mit dem ALICE-PHOS-Detektor},
  school       = {Goethe-Universit{\"a}t Frankfurt},
  year         = 2017,
  month        = 12,
  note         = {}
}

@thesis{thesis:Adrian,
  author       = {Adrian Mechler},
  title        = {Messung neutraler Pionen in pp-Kollisionen bei $\sqrt{s_\text{NN}} = 5$ TeV mit dem ALICE-DCal},
  school       = {Goethe-Universit{\"a}t Frankfurt},
  year         = 2018,
  month        = 10,
  note         = {}
}

@thesis{thesis:Joshua,
  author       = {Joshua K{\"o}nig},
  title        = {Studie zur Datenqualit√§t und Signalextraktion in der Messung von $\pi^{0}$-Mesonen mit dem ALICE-EMCal Detektor in Pb-Pb Kollisionen bei $\sqrt{s_{NN}} = 5,02$ TeV},
  school       = {Goethe-Universit{\"a}t Frankfurt},
  year         = 2017,
  month        = 02,
  note         = {}
}

@BOOK{book:chi2,
  author    = {William Press and others}, 
  title     = {Numerical Recipes in C: The Art of Scientific Computing},
  publisher = {Press Syndicate of the University of Cambridge,},
  year      = 1992,
  edition   = 2,
  isbn	    = {0521431085} 
}

@inproceedings{Kapusta:2000fe,
      author         = "Kapusta, Joseph I",
      title          = "{Quark - gluon plasma in the early universe}",
      booktitle      = "{Phase transitions in the early universe: Theory and
                        observations. Proceedings, NATO ASI, International School
                        of Astrophysics 'Daniel Chalonge', 8th Course dedicated to
                        Andrei D. Sakharov, Erice, Italy, December 6-17, 2000}",
      year           = "2000",
      pages          = "103-121",
      eprint         = "astro-ph/0101516",
      archivePrefix  = "arXiv",
      primaryClass   = "astro-ph",
      SLACcitation   = "%%CITATION = ASTRO-PH/0101516;%%"
}

@article{Karsch:2006xs,
      author         = "Karsch, Frithjof",
      title          = "{Lattice simulations of the thermodynamics of strongly
                        interacting elementary particles and the exploration of
                        new phases of matter in relativistic heavy ion
                        collisions}",
      booktitle      = "{Proceedings, Scientific Discovery through Advanced
                        Computing (SciDAC 2006): Denver, Colorado, June 25-30,
                        2006}",
      journal        = "J. Phys. Conf. Ser.",
      volume         = "46",
      year           = "2006",
      pages          = "122-131",
      doi            = "10.1088/1742-6596/46/1/017",
      eprint         = "hep-lat/0608003",
      archivePrefix  = "arXiv",
      primaryClass   = "hep-lat",
      reportNumber   = "BNL-NT-06-26",
      SLACcitation   = "%%CITATION = HEP-LAT/0608003;%%"
}

@book{Brun:118715,
      author        = "Brun, R and Hagelberg, R and Hansroul, M and Lassalle, J
                       C",
      title         = "{Simulation program for particle physics experiments,
                       GEANT: user guide and reference manual}",
      publisher     = "CERN",
      address       = "Geneva",
      year          = "1978",
      url           = "https://cds.cern.ch/record/118715",
}